<?xml version="1.0" encoding="UTF-8"?>
<collection xmlns:xsi="http://www.w3.org/2001/XMLSchema-instance" xsi:schemaLocation="http://www.loc.gov/MARC21/slim http://www.loc.gov/standards/marcxml/schema/MARC21slim.xsd" xmlns="http://www.loc.gov/MARC21/slim">
<record>
  <leader>01183cam a22002651  4500</leader>
  <controlfield tag="001">3058914</controlfield>
  <controlfield tag="003">NNC</controlfield>
  <controlfield tag="005">20140317144053.0</controlfield>
  <controlfield tag="008">951108s1955    ua a          000 0 araod</controlfield>
  <datafield tag="035" ind1=" " ind2=" ">
    <subfield code="a">(OCoLC)ocm33447529</subfield>
  </datafield>
  <datafield tag="035" ind1=" " ind2=" ">
    <subfield code="9">ATM7521CU</subfield>
  </datafield>
  <datafield tag="035" ind1=" " ind2=" ">
    <subfield code="a">(NNC)3058914</subfield>
  </datafield>
  <datafield tag="040" ind1=" " ind2=" ">
    <subfield code="a">CUY</subfield>
    <subfield code="c">CUY</subfield>
    <subfield code="d">OCL</subfield>
    <subfield code="d">ZCU</subfield>
  </datafield>
  <datafield tag="099" ind1=" " ind2=" ">
    <subfield code="a">893.796</subfield>
    <subfield code="a">Is2</subfield>
  </datafield>
  <datafield tag="100" ind1="1" ind2=" ">
    <subfield code="a">Isfarāyinī, Abū al-Muẓaffar Ṭāhir ibn Muḥammad,</subfield>
    <subfield code="d">-1078 or 1079.</subfield>
  </datafield>
  <datafield tag="245" ind1="1" ind2="3">
    <subfield code="a">al-Tabṣīr fī al-dīn wa-tamyīz al-firqah al-nājiyah ʻan al-firaq al-hālikīn /</subfield>
    <subfield code="c">lil-Imām Abī al-Muẓaffar al-Isfarāyinī ; ʻarrafa al-kitāb wa-tarjama lil-muʾallif wa-kharraja aḥādīthihi wa-ʻallaqa ḥawāshīh Muḥammad Zāhid ibn al-Ḥasan al-Kawtharī. Wa-yalīhi Kashf asrār al-Bāṭinīyah wa-akhbr̄ al-Qarāmiṭah.</subfield>
  </datafield>
  <datafield tag="260" ind1=" " ind2=" ">
    <subfield code="a">al-Qāhirah,</subfield>
    <subfield code="c">1955.</subfield>
  </datafield>
  <datafield tag="300" ind1=" " ind2=" ">
    <subfield code="a">245 p. :</subfield>
    <subfield code="b">ill.</subfield>
  </datafield>
  <datafield tag="490" ind1="1" ind2=" ">
    <subfield code="a">Firaq al-Islāmīyah ;</subfield>
    <subfield code="v">1</subfield>
  </datafield>
  <datafield tag="650" ind1=" " ind2="0">
    <subfield code="a">Islamic sects</subfield>
    <subfield code="v">Early works to 1800.</subfield>
  </datafield>
  <datafield tag="650" ind1=" " ind2="0">
    <subfield code="a">Batinites.</subfield>
  </datafield>
  <datafield tag="700" ind1="1" ind2=" ">
    <subfield code="a">Ḥammādī, Muḥammad ibn Mālik,</subfield>
    <subfield code="d">-approximately 1077.</subfield>
  </datafield>
  <datafield tag="700" ind1="1" ind2=" ">
    <subfield code="a">Kawtharī, Muḥammad Zāhid ibn al-Ḥasan.</subfield>
  </datafield>
  <datafield tag="830" ind1=" " ind2="0">
    <subfield code="a">Firaq al-Islāmīyah ;</subfield>
    <subfield code="v">1.</subfield>
  </datafield>
  <datafield tag="955" ind1=" " ind2=" ">
    <subfield code="b">CU58836721</subfield>
    <subfield code="d">off,glx</subfield>
    <subfield code="e">893.796 Is2</subfield>
  </datafield>
</record>
</collection>